@inproceedings{stievenart2016scala,
  title={{Scala-AM}: A modular static analysis framework},
  author={Sti{\'e}venart, Quentin and Vandercammen, Maarten and De Meuter, Wolfgang and De Roover, Coen},
  booktitle={Source Code Analysis and Manipulation (SCAM), 2016 IEEE 16th International Working Conference on},
  pages={85--90},
  year={2016},
  organization={IEEE}
}

@inproceedings{stievenart2016building,
  title={Building a modular static analysis framework in {Scala} (tool paper)},
  author={Sti{\'e}venart, Quentin and Nicolay, Jens and De Meuter, Wolfgang and De Roover, Coen},
  booktitle={Proceedings of the 2016 7th ACM SIGPLAN Symposium on Scala},
  pages={105--109},
  year={2016},
  organization={ACM}
}