%% This BibTeX bibliography file was created using BibDesk.
%% http://bibdesk.sourceforge.net/


%% Created for Andrea Ros√† at 2019-05-27 14:36:54 +0200


%% Saved with string encoding Unicode (UTF-8)


@inproceedings{tgp2017,
	Author = {Rosales, E. and Ros\`{a}, A. and Binder, W.},
	Booktitle = {APSEC},
	Pages = {570--575},
	Title = {{tgp: a Task-Granularity Profiler for the Java Virtual Machine}},
	Year = {2017}}

@inproceedings{Villazon:2019:NAB,
	Author = {Villaz\'{o}n, A. and Sun, H. and Ros\`{a}, A. and Rosales, E. and Bonetta, D. and Defilippis, I. and Oporto, S. and Binder, W.},
	Booktitle = {ECOOP},
	Date-Modified = {2019-05-27 14:36:48 +0200},
	address =  "London, UK",
  month =    jul,
	Title = {{Automated Large-scale Multi-language Dynamic Program Analysis in the Wild}},
	Year = {2019}}

@inproceedings{graaljs2017,
	Author = {W\"{u}rthinger, T. and Wimmer, C. and Humer, C. and W\"{o}\ss, A. and Stadler, L. and Seaton, C. and Duboscq, G. and Simon, D. and Grimmer, M.},
	Booktitle = {PLDI},
	Date-Modified = {2019-01-08 14:37:46 +0100},
	Pages = {662--676},
	Title = {{Practical Partial Evaluation for High-performance Dynamic Language Runtimes}},
	Year = {2017}}

@misc{HotSpotJVM,
	Author = {Oracle Corporation},
	Howpublished = {\url{https://www.oracle.com/technetwork/java/javase/tech/index-jsp-136373.html}},
	Title = {{Java SE HotSpot at a Glance}},
	Year = {2018}}

@inproceedings{Rosa:2018:tgp,
	Author = {Ros\`{a}, A. and Rosales, E. and Binder, W.},
	Booktitle = {CGO},
	Date-Modified = {2019-01-08 14:38:55 +0100},
	Numpages = {11},
	Pages = {27--37},
	Title = {{Analyzing and Optimizing Task Granularity on the JVM}},
	Year = {2018}}

@inproceedings{Gong:2015:JITProf,
	Author = {Gong, L. and Pradel, M. and Sen, K.},
	Booktitle = {ESEC/FSE},
	Date-Modified = {2019-01-08 14:41:59 +0100},
	Pages = {357--368},
	Title = {{JITProf: Pinpointing JIT-unfriendly JavaScript Code}},
	Year = {2015}}

@article{TOPLAS19,
	Author = {Ros{\`a}, A. and Rosales, E. and Binder, W.},
	Date-Added = {2019-05-25 14:19:17 +0200},
	Date-Modified = {2019-05-25 14:20:38 +0200},
	Journal = {ACM Transactions on Programming Languages and Systems (TOPLAS)},
	Pages = {1--47},
	Title = {{Analysis and Optimization of Task Granularity on the Java Virtual Machine}},
	Year = {2019},
	Bdsk-Url-1 = {https://doi.org/10.1145/362929.362947}}
