@Manual{Arm2010apb,
  title =        {AMBA APB Protocol},
  organization = {ARM Limited},
  year =         2010,
  edition =      {ARM IHI 0024C},
}

@Manual{Arm2017axi,
  title =        {AXI and ACE Protocol Specification},
  subtitle =     {AXI3, AXI4, AXI5, ACE and ACE5},
  organization = {ARM Limited},
  year =         2017,
  edition =      {ARM IHI 0022F.b}
}

@Manual{Xilink2005locallink,
  title =        {LocalLink Interface Specification},
  organization = {Xilinx},
  year =         2005,
  edition =      {SP006 (v2.0)}
}


@article{DBLP:journals/jfp/Brady13,
  author    = {Edwin Brady},
  title     = {Idris, a general-purpose dependently typed programming language: Design
               and implementation},
  journal   = {J. Funct. Program.},
  volume    = {23},
  number    = {5},
  pages     = {552--593},
  year      = {2013},
  url       = {https://doi.org/10.1017/S095679681300018X},
  doi       = {10.1017/S095679681300018X},
  timestamp = {Wed, 14 Nov 2018 10:38:38 +0100},
  biburl    = {https://dblp.org/rec/bib/journals/jfp/Brady13},
  bibsource = {dblp computer science bibliography, https://dblp.org}
}