
@article{padioleau2007smpl,
  title={{SmPL}: A domain-specific language for specifying collateral evolutions in {Linux} device drivers},
  author={Padioleau, Yoann and Lawall, Julia L and Muller, Gilles},
  journal={Electronic Notes in Theoretical Computer Science},
  volume={166},
  pages={47--62},
  year={2007},
  publisher={Elsevier}
}