@article{Epstein:2011:THC:2096148.2034690,
 author = {Epstein, Jeff and Black, Andrew P. and Peyton-Jones, Simon},
 title = {Towards Haskell in the Cloud},
 journal = {SIGPLAN Not.},
 issue_date = {December 2011},
 volume = {46},
 number = {12},
 month = sep,
 year = {2011},
 issn = {0362-1340},
 pages = {118--129},
 numpages = {12},
 url = {http://doi.acm.org/10.1145/2096148.2034690},
 doi = {10.1145/2096148.2034690},
 acmid = {2034690},
 publisher = {ACM},
 address = {New York, NY, USA},
 keywords = {erlang, haskell, message-passing},
}
