@BOOK{Arnold:Gosling:96,
  ORDINAL = {B92},
  AUTHOR = {Arnold, Ken and Gosling, James},
  TITLE = {The \textsc{Java} Programming Language},
  YEAR = 1996,
  PUBLISHER = {Addison Wesley},
}

@BOOK{Ceri:Gottlob:Tanca:90,
	AUTHOR = {Ceri, Stefano and Gottlob, Georg and Tanca, Letizia},
	PUBLISHER = {SVNY},
	YEAR = 1990,
	ISBN = {0-387-51728-6},
	TITLE = {Logic programming and databases},
}

@Book{Stroustrup:Book:97,
	author = {Stroustrup},
	title =   {The C++ Programming Language},
	year =         {1997},
	edition =   {Third},
	publisher =   {AW},
	address =  {awad},
	callnumber =   {QA76.73.C153S77 1997  97-20239},
	ISBN =         {0-201-88954-4},
	booksite =    {http://www.research.att.com/~bs/3textsuperscripttextitrd.html},
	authorsite =  {http://www.research.att.com/~bs/homepage.html},
}
