%% This BibTeX bibliography file was created using BibDesk.
%% http://bibdesk.sourceforge.net/

%% Created for s at 2019-04-09 23:59:43 -0600


%% Saved with string encoding Unicode (UTF-8)

@inproceedings{vervita-paper,
	Author = {Shawn Meier and Sergio Mover and Bor-Yuh Evan Chang},
	Title = {Lifestate: Event-Driven Protocols and Callback Control Flow},
	Booktitle = {ECOOP},
	Year = {2019}
}

@inproceedings{DBLP:conf/pldi/ArztRFBBKTOM14,
	Author = {Steven Arzt and Siegfried Rasthofer and Christian Fritz and Eric Bodden and Alexandre Bartel and Jacques Klein and Yves Le Traon and Damien Octeau and Patrick McDaniel},
	Bibsource = {dblp computer science bibliography, http://dblp.org},
	Biburl = {http://dblp.uni-trier.de/rec/bib/conf/pldi/ArztRFBBKTOM14},
	Booktitle = {PLDI},
	OPTCrossref = {DBLP:conf/pldi/2014},
	Date-Added = {2014-10-28 18:17:43 +0000},
	Date-Modified = {2015-04-30 21:34:17 +0000},
	OPTDoi = {10.1145/2594291.2594299},
	OPTPages = {29},
	Timestamp = {Tue, 28 Oct 2014 19:17:41 +0100},
	Title = {{FlowDroid}: Precise context, flow, field, object-sensitive and lifecycle-aware taint analysis for {Android} apps},
	OPTUrl = {http://doi.acm.org/10.1145/2594291.2594299},
	Year = {2014},
	Bdsk-Url-1 = {http://doi.acm.org/10.1145/2594291.2594299},
	Bdsk-Url-2 = {http://dx.doi.org/10.1145/2594291.2594299}}


@proceedings{DBLP:conf/cav/2014,
	Bibsource = {DBLP, http://dblp.uni-trier.de},
	Booktitle = {CAV},
	Date-Added = {2019-04-09 23:58:10 -0600},
	Date-Modified = {2019-04-09 23:58:10 -0600},
	Editor = {Armin Biere and Roderick Bloem},
	Ee = {http://dx.doi.org/10.1007/978-3-319-08867-9},
	Isbn = {978-3-319-08866-2},
	Publisher = {Springer},
	Series = {Lecture Notes in Computer Science},
	Title = {Computer Aided Verification - 26th International Conference, CAV 2014, Held as Part of the Vienna Summer of Logic, VSL 2014, Vienna, Austria, July 18-22, 2014. Proceedings},
	Volume = {8559},
	Year = {2014}}

@inproceedings{DBLP:conf/cascon/Vallee-RaiCGHLS99,
	Author = {Raja Vall{\'{e}}e{-}Rai and Phong Co and Etienne Gagnon and Laurie J. Hendren and Patrick Lam and Vijay Sundaresan},
	Bibsource = {dblp computer science bibliography, https://dblp.org},
	Biburl = {https://dblp.org/rec/bib/conf/cascon/Vallee-RaiCGHLS99},
	Booktitle = {Proceedings of the 1999 conference of the Centre for Advanced Studies on Collaborative Research, November 8-11, 1999, Mississauga, Ontario, Canada},
	Date-Added = {2019-04-09 23:51:14 -0600},
	Date-Modified = {2019-04-09 23:59:39 -0600},
	Pages = {13},
	Timestamp = {Fri, 30 Nov 2018 02:24:54 +0100},
	Title = {Soot - a Java bytecode optimization framework},
	Url = {https://dl.acm.org/citation.cfm?id=782008},
	Year = {1999},
	Bdsk-Url-1 = {https://dl.acm.org/citation.cfm?id=782008}}

@inproceedings{DBLP:conf/cav/CavadaCDGMMMRT14,
	Author = {Roberto Cavada and Alessandro Cimatti and Michele Dorigatti and Alberto Griggio and Alessandro Mariotti and Andrea Micheli and Sergio Mover and Marco Roveri and Stefano Tonetta},
	Bibsource = {DBLP, http://dblp.uni-trier.de},
	Booktitle = {CAV},
	Date-Added = {2019-04-09 23:44:55 -0600},
	Date-Modified = {2019-04-09 23:59:24 -0600},
	Ee = {http://dx.doi.org/10.1007/978-3-319-08867-9_22},
	Pages = {334-342},
	Title = {The nuXmv Symbolic Model Checker},
	Year = {2014}}

@misc{yamba-git,
	Author = {Marko Gargenta},
	Date-Added = {2019-04-08 16:47:21 -0600},
	Date-Modified = {2019-04-08 16:47:21 -0600},
	Howpublished = {\url{https://github.com/learning-android/Yamba/blob/429e37365f35ac4e5419884ef88b6fa378c023f8/src/com/marakana/android/yamba/StatusFragment.java}},
	Keywords = {yamba dismiss bug},
	Lastchecked = {November 1, 2017},
	Month = {February},
	Read = {0},
	Title = {Yamba},
	Url = {https://github.com/learning-android/Yamba/blob/429e37365f35ac4e5419884ef88b6fa378c023f8/src/com/marakana/android/yamba/StatusFragment.java},
	Year = {2014},
	Bdsk-Url-1 = {https://github.com/learning-android/Yamba/blob/429e37365f35ac4e5419884ef88b6fa378c023f8/src/com/marakana/android/yamba/StatusFragment.java}}

@article{DBLP:journals/cacm/Knuth74,
	Author = {Donald E. Knuth},
	Bibsource = {dblp computer science bibliography, http://dblp.org},
	Biburl = {http://dblp.uni-trier.de/rec/bib/journals/cacm/Knuth74},
	Doi = {10.1145/361604.361612},
	Journal = {Commun. {ACM}},
	Number = {12},
	Pages = {667--673},
	Timestamp = {Tue, 07 Jun 2011 16:50:57 +0200},
	Title = {{Computer Programming as an Art}},
	Volume = {17},
	Year = {1974},
	Bdsk-Url-1 = {https://doi.org/10.1145/361604.361612}}

@article{DBLP:journals/cacm/Dijkstra68a,
	Author = {Edsger W. Dijkstra},
	Bibsource = {dblp computer science bibliography, http://dblp.org},
	Biburl = {http://dblp.uni-trier.de/rec/bib/journals/cacm/Dijkstra68a},
	Doi = {10.1145/362929.362947},
	Journal = {Commun. {ACM}},
	Number = {3},
	Pages = {147--148},
	Timestamp = {Thu, 09 Feb 2006 13:19:49 +0100},
	Title = {Letters to the editor: go to statement considered harmful},
	Volume = {11},
	Year = {1968},
	Bdsk-Url-1 = {https://doi.org/10.1145/362929.362947}}

@book{DBLP:books/mk/GrayR93,
	Author = {Jim Gray and Andreas Reuter},
	Bibsource = {dblp computer science bibliography, http://dblp.org},
	Biburl = {http://dblp.uni-trier.de/rec/bib/books/mk/GrayR93},
	Isbn = {1-55860-190-2},
	Publisher = {Morgan Kaufmann},
	Timestamp = {Thu, 05 Nov 2015 19:53:28 +0100},
	Title = {Transaction Processing: Concepts and Techniques},
	Year = {1993}}

@inproceedings{DBLP:conf/focs/HopcroftPV75,
	Author = {{John E.} Hopcroft and {Wolfgang J.} Paul and {Leslie G.} Valiant},
	Bibsource = {dblp computer science bibliography, http://dblp.org},
	Biburl = {http://dblp.uni-trier.de/rec/bib/conf/focs/HopcroftPV75},
	Booktitle = {16th Annual Symposium on Foundations of Computer Science, Berkeley, California, USA, October 13-15, 1975},
	Crossref = {DBLP:conf/focs/FOCS16},
	Doi = {10.1109/SFCS.1975.23},
	Pages = {57--64},
	Timestamp = {Tue, 16 Dec 2014 09:57:24 +0100},
	Title = {On Time versus Space and Related Problems},
	Year = {1975},
	Bdsk-Url-1 = {https://doi.org/10.1109/SFCS.1975.23}}

@proceedings{DBLP:conf/focs/FOCS16,
	Bibsource = {dblp computer science bibliography, http://dblp.org},
	Biburl = {http://dblp.uni-trier.de/rec/bib/conf/focs/FOCS16},
	Publisher = {{IEEE} Computer Society},
	Timestamp = {Mon, 15 Dec 2014 18:48:44 +0100},
	Title = {16th Annual Symposium on Foundations of Computer Science, Berkeley, California, USA, October 13-15, 1975},
	Year = {1975}}
